<record><leader>00000nas a2200000 i 4500</leader><controlfield tag="001">922972803</controlfield><controlfield tag="006">m     o  d        </controlfield><controlfield tag="007">cr |||||||||||</controlfield><controlfield tag="008">151007d18651866iludn neo     0   a0eng  </controlfield><datafield ind1=" " ind2=" " tag="010"><subfield code="a">  2015218892</subfield></datafield><datafield ind1=" " ind2=" " tag="040"><subfield code="a">DLC</subfield><subfield code="b">eng</subfield><subfield code="e">rda</subfield><subfield code="c">DLC</subfield></datafield><datafield ind1="0" ind2=" " tag="022"><subfield code="a">2381-3075</subfield><subfield code="2">1</subfield></datafield><datafield ind1=" " ind2=" " tag="042"><subfield code="a">pcc</subfield><subfield code="a">nsdp</subfield></datafield><datafield ind1=" " ind2=" " tag="043"><subfield code="a">n-us-il</subfield></datafield><datafield ind1="1" ind2="0" tag="050"><subfield code="a">ISSN RECORD</subfield></datafield><datafield ind1="0" ind2="0" tag="082"><subfield code="a">071</subfield><subfield code="2">23</subfield></datafield><datafield ind1=" " ind2="0" tag="222"><subfield code="a">Cairo evening times</subfield><subfield code="b">(Online)</subfield></datafield><datafield ind1="0" ind2="0" tag="245"><subfield code="a">Cairo evening times.</subfield></datafield><datafield ind1="1" ind2=" " tag="246"><subfield code="i">Published as:</subfield><subfield code="a">Cairo daily times</subfield><subfield code="f">&lt;Oct. 1, 1865&gt;-&lt;&gt;</subfield></datafield><datafield ind1="1" ind2=" " tag="246"><subfield code="i">Publisher's box:</subfield><subfield code="a">Daily evening times</subfield><subfield code="f">&lt;Sept. 1-25, 1865&gt;</subfield></datafield><datafield ind1="1" ind2=" " tag="246"><subfield code="i">Publisher's box:</subfield><subfield code="a">Daily times</subfield><subfield code="f">&lt;Oct. 1, 1865&gt;-&lt;&gt;</subfield></datafield><datafield ind1="1" ind2="3" tag="246"><subfield code="a">Evening times</subfield><subfield code="f">&lt;Sept. 1-25, 1865&gt;</subfield></datafield><datafield ind1="1" ind2="7" tag="246"><subfield code="a">Cairo times</subfield><subfield code="f">&lt;Oct. 1, 1865&gt;-&lt;&gt;</subfield></datafield><datafield ind1="3" ind2="3" tag="246"><subfield code="a">Evening Cairo times</subfield></datafield><datafield ind1="3" ind2="3" tag="246"><subfield code="a">Daily Cairo times</subfield></datafield><datafield ind1=" " ind2="1" tag="264"><subfield code="a">Cairo, Ill. :</subfield><subfield code="b">H. L. Goodall</subfield></datafield><datafield ind1=" " ind2=" " tag="300"><subfield code="a">1 online resource</subfield></datafield><datafield ind1=" " ind2=" " tag="310"><subfield code="a">Daily (except Monday),</subfield><subfield code="b">Oct. 1, 1865-1866</subfield></datafield><datafield ind1=" " ind2=" " tag="321"><subfield code="a">Daily (except Sunday),</subfield><subfield code="b">&lt;Sept. 1-25, 1865&gt;</subfield></datafield><datafield ind1=" " ind2=" " tag="336"><subfield code="a">text</subfield><subfield code="b">txt</subfield><subfield code="2">rdacontent</subfield></datafield><datafield ind1=" " ind2=" " tag="337"><subfield code="a">computer</subfield><subfield code="b">c</subfield><subfield code="2">rdamedia</subfield></datafield><datafield ind1=" " ind2=" " tag="338"><subfield code="a">online resource</subfield><subfield code="b">cr</subfield><subfield code="2">rdacarrier</subfield></datafield><datafield ind1="1" ind2=" " tag="362"><subfield code="a">Began in 1865; ceased in 1866.</subfield></datafield><datafield ind1=" " ind2=" " tag="500"><subfield code="a">Editor and proprietor: Harvey L. Goodall.</subfield></datafield><datafield ind1=" " ind2=" " tag="500"><subfield code="a">"Evening" appears in small type above masthead ornament, &lt;Sept. 1-25, 1865&gt;.</subfield></datafield><datafield ind1=" " ind2=" " tag="500"><subfield code="a">"Daily" appears in small type above masthead ornament, &lt;Oct. 1, 1865&gt;-&lt;&gt;.</subfield></datafield><datafield ind1=" " ind2=" " tag="500"><subfield code="a">"[T]he specialty of the Times will be the advancement of the business and commercial interests of Cairo and Alexander County," Sept. 12, 1865.</subfield></datafield><datafield ind1=" " ind2=" " tag="500"><subfield code="a">Issues for Sept. 1-16, 1865 and Sept. 20-23, 1865 called also: "Last Edition, Five O'Clock, Afternoon."</subfield></datafield><datafield ind1=" " ind2=" " tag="515"><subfield code="a">Issues called also: War Eagle Series; continue the numbering designation of the previous title: War eagle (Cairo, Ill. : Daily).</subfield></datafield><datafield ind1=" " ind2=" " tag="515"><subfield code="a">Issue for new ser., v. 1, no. 120 (Sept. 12, 1865) erroneously designated as new ser., v. 1, no. 20 (Sept 12, 1865) = War Eagle ser., v. 3, no. 120 (Sept. 12, 1865).</subfield></datafield><datafield ind1=" " ind2=" " tag="530"><subfield code="3">1 reel</subfield><subfield code="a">available on microfilm;</subfield><subfield code="b">Comgraphix Inc.</subfield></datafield><datafield ind1=" " ind2=" " tag="580"><subfield code="a">Triweekly ed.: Cairo tri-weekly times, &lt;Apr. 1866&gt;.</subfield></datafield><datafield ind1=" " ind2=" " tag="588"><subfield code="a">Description based on: New series., vol. 1, no. 111 (September 1, 1865), War Eagle series, vol. 3, no. 111; title from masthead (Chroniclingamerica.loc.gov, viewed October 7, 2015).</subfield></datafield><datafield ind1=" " ind2=" " tag="588"><subfield code="a">Latest issue consulted: New series., vol. 1, no. 186 (November 27, 1865), War Eagle series, vol. 3, no. 186 (Chroniclingamerica.loc.gov, viewed October 7, 2015).</subfield></datafield><datafield ind1=" " ind2="0" tag="651"><subfield code="a">Cairo (Ill.)</subfield><subfield code="v">Newspapers.</subfield></datafield><datafield ind1=" " ind2="0" tag="651"><subfield code="a">Alexander County (Ill.)</subfield><subfield code="v">Newspapers.</subfield></datafield><datafield ind1=" " ind2="7" tag="651"><subfield code="a">Illinois</subfield><subfield code="z">Alexander County</subfield><subfield code="2">fast</subfield><subfield code="0">(OCoLC)fst01214971</subfield></datafield><datafield ind1=" " ind2="7" tag="651"><subfield code="a">Illinois</subfield><subfield code="z">Cairo.</subfield><subfield code="2">fast</subfield><subfield code="0">(OCoLC)fst01217110</subfield></datafield><datafield ind1=" " ind2="7" tag="655"><subfield code="a">Newspapers.</subfield><subfield code="2">fast</subfield><subfield code="0">(OCoLC)fst01423814</subfield></datafield><datafield ind1=" " ind2=" " tag="752"><subfield code="a">United States</subfield><subfield code="b">Illinois</subfield><subfield code="c">Alexander County</subfield><subfield code="d">Cairo.</subfield></datafield><datafield ind1="1" ind2=" " tag="775"><subfield code="t">Cairo tri-weekly times</subfield></datafield><datafield ind1="0" ind2="8" tag="776"><subfield code="i">Microfilm version:</subfield><subfield code="t">Cairo evening times</subfield><subfield code="w">(DLC)  2014271505</subfield><subfield code="w">(OCoLC)173844823</subfield></datafield><datafield ind1="0" ind2="8" tag="776"><subfield code="i">Originally issued in print:</subfield><subfield code="t">Cairo evening times</subfield><subfield code="x">2381-3067</subfield><subfield code="w">(DLC)sn 84038364</subfield><subfield code="w">(OCoLC)11282299</subfield></datafield><datafield ind1="0" ind2="0" tag="780"><subfield code="t">War eagle (Cairo, Ill. : Daily)</subfield></datafield><datafield ind1="0" ind2="4" tag="785"><subfield code="t">Cairo Democrat (Cairo, Ill. : Daily)</subfield></datafield><datafield ind1="4" ind2="0" tag="856"><subfield code="u">http://www.loc.gov/chroniclingamerica/lccn/sn84038364/issues</subfield></datafield></record>